<?xml version="1.0" encoding="UTF-8"?>
<record xmlns="http://www.loc.gov/MARC21/slim" xmlns:xsi="http://www.w3.org/2001/XMLSchema-instance" xsi:schemaLocation="http://www.loc.gov/MARC21/slim http://www.loc.gov/standards/marcxml/schema/MARC21slim.xsd">
<leader>00000cam a22      i 4500</leader>
<controlfield tag="001">001679811</controlfield>
<controlfield tag="003">NNU</controlfield>
<controlfield tag="005">20150804162748.0</controlfield>
<controlfield tag="008">860422s1940    ua ab         000 0 ara d</controlfield>
<datafield tag="035" ind1=" " ind2=" ">
<subfield code="a">(OCoLC)23482263</subfield>
</datafield>
<datafield tag="040" ind1=" " ind2=" ">
<subfield code="a">EYM</subfield>
<subfield code="b">eng</subfield>
<subfield code="c">EYM</subfield>
<subfield code="d">OCLCQ</subfield>
<subfield code="d">OCLCF</subfield>
<subfield code="d">OCLCQ</subfield>
<subfield code="d">OCLCO</subfield>
<subfield code="d">NNU</subfield>
</datafield>
<datafield tag="050" ind1=" " ind2="4">
<subfield code="a">N7283</subfield>
<subfield code="b">.H34 1940</subfield>
</datafield>
<datafield tag="100" ind1="1" ind2=" ">
<subfield code="6">880-01</subfield>
<subfield code="a">Ḥasan, Zakī Muḥammad.</subfield>
</datafield>
<datafield tag="245" ind1="1" ind2="3">
<subfield code="6">880-02</subfield>
<subfield code="a">al-Funūn al-Irānīyah fī al-ʻaṣr al-Islāmī /</subfield>
<subfield code="c">li-Zakī Muḥammad Ḥasan.</subfield>
</datafield>
<datafield tag="260" ind1=" " ind2=" ">
<subfield code="6">880-03</subfield>
<subfield code="a">al-Qāhirah :</subfield>
<subfield code="b">Maṭbaʻat Dār al-Kutub al-Miṣrīyah,</subfield>
<subfield code="c">1940.</subfield>
</datafield>
<datafield tag="300" ind1=" " ind2=" ">
<subfield code="a">361 pages :</subfield>
<subfield code="b">illustrations, map ;</subfield>
<subfield code="c">25 cm</subfield>
</datafield>
<datafield tag="336" ind1=" " ind2=" ">
<subfield code="a">text</subfield>
<subfield code="b">txt</subfield>
<subfield code="2">rdacontent</subfield>
</datafield>
<datafield tag="337" ind1=" " ind2=" ">
<subfield code="a">unmediated</subfield>
<subfield code="b">n</subfield>
<subfield code="2">rdamedia</subfield>
</datafield>
<datafield tag="338" ind1=" " ind2=" ">
<subfield code="a">volume</subfield>
<subfield code="b">nc</subfield>
<subfield code="2">rdacarrier</subfield>
</datafield>
<datafield tag="500" ind1=" " ind2=" ">
<subfield code="a">At head of title: Dār al-Āthār al-ʻArabīyah.</subfield>
</datafield>
<datafield tag="650" ind1=" " ind2="0">
<subfield code="a">Art, Iranian.</subfield>
</datafield>
<datafield tag="650" ind1=" " ind2="0">
<subfield code="a">Islamic art.</subfield>
</datafield>
<datafield tag="650" ind1=" " ind2="7">
<subfield code="a">Art, Iranian.</subfield>
<subfield code="2">fast</subfield>
<subfield code="0">(OCoLC)fst00816406</subfield>
</datafield>
<datafield tag="650" ind1=" " ind2="7">
<subfield code="a">Islamic art.</subfield>
<subfield code="2">fast</subfield>
<subfield code="0">(OCoLC)fst01730275</subfield>
</datafield>
<datafield tag="776" ind1="0" ind2="8">
<subfield code="i">Online version:</subfield>
<subfield code="a">Ḥasan, Zakī Muḥammad.</subfield>
<subfield code="t">Funūn al-Irānīyah fī al-ʻaṣr al-Islāmī.</subfield>
<subfield code="d">al-Qāhirah : Maṭbaʻat Dār al-Kutub al-Miṣrīyah, 1940</subfield>
<subfield code="w">(OCoLC)569385292</subfield>
</datafield>
<datafield tag="880" ind1="1" ind2=" ">
<subfield code="6">100-01/</subfield>
<subfield code="a">حسن، زكي محمد.</subfield>
</datafield>
<datafield tag="880" ind1="1" ind2="2">
<subfield code="6">245-02/</subfield>
<subfield code="a">الفنون الايرانية في العصر الاسلامي /</subfield>
<subfield code="c">لزكي محمد حسن.</subfield>
</datafield>
<datafield tag="880" ind1=" " ind2=" ">
<subfield code="6">260-03/</subfield>
<subfield code="a">القاهرة :</subfield>
<subfield code="b">مطبعة دار الكتب المصرية،</subfield>
<subfield code="c">1940.</subfield>
</datafield>
<datafield tag="OWN" ind1=" " ind2=" ">
<subfield code="a">GENERAL</subfield>
</datafield>
<datafield tag="AVA" ind1=" " ind2=" ">
<subfield code="a">NYU50</subfield>
<subfield code="b">BOBST</subfield>
<subfield code="c">Main Collection</subfield>
<subfield code="d">N7283 .H36 1940</subfield>
<subfield code="e">unavailable</subfield>
<subfield code="t">Unavailable</subfield>
<subfield code="f">1</subfield>
<subfield code="g">1</subfield>
<subfield code="h">N</subfield>
<subfield code="i">0</subfield>
<subfield code="j">MAIN</subfield>
<subfield code="k">0</subfield>
</datafield>
</record>
